@misc{kingma2023variationaldiffusionmodels,
      title={Variational Diffusion Models}, 
      author={Diederik P. Kingma and Tim Salimans and Ben Poole and Jonathan Ho},
      year={2023},
      eprint={2107.00630},
      archivePrefix={arXiv},
      primaryClass={cs.LG},
      url={https://arxiv.org/abs/2107.00630}, 
}

@misc{classifier_free_guidance,
      title={Guidance: a cheat code for diffusion models},
      author={Sander Dieleman},
      year={2022},
      url={https://sander.ai/2022/05/26/guidance.html},
}
